
@book{fazekas,
	title = {Lecture Notes on Electron Correlation and Magnetism},
	volume = {5},
	series = {Series in Modern Condensed Matter Physics},
	publisher = {{WORLD} {SCIENTIFIC}},
	author = {Fazekas, Patrick},
	date = {1999}
}

@article{braak,
	title = {The determination of the ground-state energy of an antiferromagnetic lattice by means of a renormalization procedure},
	volume = {87},
	doi = {https://doi.org/10.1016/0378-4371(77)90022-X},
	pages = {354--368},
	number = {2},
	journaltitle = {Physica A: Statistical Mechanics and its Applications},
	author = {Braak, H. P. Van de and Caspers, W. J. and Lance, C. De and Willemse, M. W. M.},
	date = {1977}
}

@thesis{rodriguez-laguna,
	title = {Real Space Renormalization Group Techniques and Applications},
	pagetotal = {161},
	url = {https://arxiv.org/abs/cond-mat/0207340},
	institution = {Complutense University of Madrid},
	type = {phdthesis},
	author = {Rodriguez-Laguna, Javier},
	date = {2002}
}

@article{fisher,
	title = {Random antiferromagnetic quantum spin chains},
	volume = {50},
	doi = {10.1103/PhysRevB.50.3799},
	pages = {3799--3821},
	number = {6},
	journaltitle = {Physical Review B},
	author = {Fisher, Daniel S.},
	date = {1994}
}

@article{dasgupta-hu,
	title = {Random Antiferromagnetic Chain},
	volume = {43},
	doi = {10.1103/PhysRevLett.43.1434},
	pages = {1434--1437},
	number = {19},
	journaltitle = {Physical Review Letters},
	author = {Ma, Shang-keng and Dasgupta, Chandan and Hu, Chin-kun},
	date = {1979}
}

@article{ma,
	title = {Low-temperature properties of the random Heisenberg antiferromagnetic chain},
	volume = {22},
	doi = {10.1103/PhysRevB.22.1305},
	pages = {1305--1319},
	number = {3},
	journaltitle = {Physical Review B},
	author = {Dasgupta, Chandan and Ma, Shang-keng},
	date = {1980}
}

@article{wilson,
	title = {The renormalization group: Critical phenomena and the Kondo problem},
	volume = {47},
	doi = {10.1103/RevModPhys.47.773},
	pages = {773--840},
	number = {4},
	journaltitle = {Reviews of Modern Physics},
	author = {Wilson, Kenneth G.},
	date = {1975}
}

@article{kadanoff,
	title = {Scaling laws for ising models near $T_{c}$},
	volume = {2},
	doi = {10.1103/PhysicsPhysiqueFizika.2.263},
	pages = {263--272},
	number = {6},
	journaltitle = {Physics Physique Fizika},
	author = {Kadanoff, Leo P.},
	date = {1966}
}

@article{bethe,
	title = {Zur Theorie der Metalle},
	volume = {71},
	doi = {10.1007/BF01341708},
	pages = {205--226},
	number = {3},
	journaltitle = {Zeitschrift für Physik},
	author = {Bethe, H.},
	date = {1931}
}

@article{jorwig,
	title = {Über das Paulische Äquivalenzverbot},
	volume = {47},
	doi = {10.1007/BF01331938},
	pages = {631--651},
	number = {9},
	journaltitle = {Zeitschrift für Physik},
	author = {Jordan, P. and Wigner, E.},
	date = {1928}
}

@article{lieb,
	title = {Two soluble models of an antiferromagnetic chain},
	volume = {16},
	doi = {10.1016/0003-4916(61)90115-4},
	pages = {407--466},
	number = {3},
	journaltitle = {Annals of Physics},
	author = {Lieb, Elliott and Schultz, Theodore and Mattis, Daniel},
	date = {1961}
}

@book{korepin,
	title = {Quantum Inverse Scattering Method and Correlation Functions},
	isbn = {978-0-521-58646-7},
	series = {Cambridge Monographs on Mathematical Physics},
	publisher = {Cambridge University Press},
	author = {Korepin, V. E. and Bogoliubov, N. M. and Izergin, A. G.},
	date = {1993},
	doi = {10.1017/CBO9780511628832}
}

@book{coleman,
	title = {Introduction to Many-Body Physics},
	isbn = {978-1-139-02091-6},
	publisher = {Cambridge University Press},
	author = {Coleman, Piers},
	date = {2015},
	doi = {10.1017/CBO9781139020916}
}

@article{fernandez,
	title = {Dasgupta-Ma Renormalization in the Random Heisenberg {XX} model and the Random Singlet Phase},
	url = {https://jscaux.org/static/jsc/courses/2017-18_StudSem/MINI_DIGESTS/Random_Singlet_Phase-Mauricio_Fonseca-11834218.pdf},
	author = {Fernández, Mauricio Fonseca},
	date = {2018}
}

@article{kadanoff2,
	title = {Variational Principles and Approximate Renormalization Group Calculations},
	volume = {34},
	doi = {10.1103/PhysRevLett.34.1005},
	pages = {1005--1008},
	number = {16},
	journaltitle = {Phys. Rev. Lett.},
	author = {Kadanoff, Leo P.},
	date = {1975},
	publisher = {American Physical Society}
}

@article{igloi,
	title = {Strong disorder {RG} approach of random systems},
	volume = {412},
	doi = {https://doi.org/10.1016/j.physrep.2005.02.006},
	pages = {277 -- 431},
	number = {5},
	journaltitle = {Physics Reports},
	author = {Iglói, Ferenc and Monthus, Cécile},
	date = {2005}
}

@unpublished{plantz,
	title = {The Coordinate {BetheAnsatz} for the Heisenberg {XXX} model},
	url = {http://andreghenriques.com/Seminars/SpinChainsTalk1.pdf},
	pagetotal = {20},
	type = {Seminar Notes},
	howpublished = {Seminar Notes},
	author = {Plantz, N.W.M.},
	date = {2018-01-22}
}

@unpublished{deleeuw,
	location = {{ETH} Zurich, Institute for Theoretical Physics},
	title = {magnon1},
	url = {https://edu.itp.phys.ethz.ch/fs13/int/SpinChains.pdf},
	pagetotal = {19},
	type = {Seminar Notes},
	howpublished = {Seminar Notes},
	author = {de Leeuw, Marius and Candu, Constantin},
	date = {2013}
}

@article{franchini,
	title = {Notes on Bethe Ansatz Techniques},
	author = {Franchini, Fabio},
	url = {https://people.sissa.it/~ffranchi/BAnotes.pdf},
	year ={2011}
}

@book{sachdev,
	location = {Cambridge},
	edition = {2},
	title = {Quantum Phase Transitions},
	isbn = {978-0-521-51468-2},
	publisher = {Cambridge University Press},
	author = {Sachdev, Subir},
	date = {2011},
	doi = {10.1017/CBO9780511973765},
}

@collection{burkhardt,
	location = {Berlin Heidelberg},
	title = {Real-Space Renormalization},
	isbn = {978-3-642-81827-1},
	series = {Topics in Current Physics},
	publisher = {Springer-Verlag},
	editor = {Burkhardt, Theodre and Leeuwen, J. M. J. van},
	date = {1982},
	doi = {10.1007/978-3-642-81825-7},
}

@article{rabin,
	title = {Renormalization-group studies of antiferromagnetic chains. I. Nearest-neighbor interactions},
	volume = {21},
	doi = {10.1103/PhysRevB.21.2027},
	pages = {2027--2037},
	number = {5},
	journaltitle = {Physical Review B},
	shortjournal = {Phys. Rev. B},
	author = {Rabin, Jeffrey M.},
	date = {1980-03-01},
}

@article{hu,
	title = {Introduction to real-space renormalization-group methods in critical and chaotic phenomena},
	volume = {91},
	issn = {0370-1573},
	doi = {10.1016/0370-1573(82)90057-6},
	pages = {233--295},
	number = {5},
	journaltitle = {Physics Reports},
	author = {Hu, Bambi},
	date = {1982-11-01},
	langid = {english},
}

@article{onsager,
	title = {Crystal Statistics. I. A Two-Dimensional Model with an Order-Disorder Transition},
	volume = {65},
	doi = {10.1103/PhysRev.65.117},
	pages = {117--149},
	number = {3},
	journaltitle = {Physical Review},
	author = {Onsager, Lars},
	date = {1944-02-01},
}